<record><leader>00000cas a2200000 a 4500</leader><controlfield tag="001">31298917</controlfield><controlfield tag="008">941017c19769999ilucr ne      0    0eng c</controlfield><datafield ind1=" " ind2=" " tag="010"><subfield code="a">sn 94060698 </subfield></datafield><datafield ind1=" " ind2=" " tag="040"><subfield code="a">NVF</subfield><subfield code="b">eng</subfield><subfield code="c">NVF</subfield><subfield code="d">OCLCQ</subfield><subfield code="d">NVF</subfield><subfield code="d">OCLCF</subfield><subfield code="d">OCLCO</subfield></datafield><datafield ind1="1" ind2=" " tag="029"><subfield code="a">AU@</subfield><subfield code="b">000011305883</subfield></datafield><datafield ind1=" " ind2=" " tag="042"><subfield code="a">pcc</subfield></datafield><datafield ind1=" " ind2=" " tag="043"><subfield code="a">n-us-il</subfield></datafield><datafield ind1="0" ind2=" " tag="130"><subfield code="a">Suburban life citizen (La Grange, Ill. : Broadview ed.)</subfield></datafield><datafield ind1="1" ind2="0" tag="245"><subfield code="a">Suburban life citizen.</subfield></datafield><datafield ind1="1" ind2="0" tag="246"><subfield code="a">Suburban life</subfield></datafield><datafield ind1=" " ind2=" " tag="250"><subfield code="a">[Broadview ed.].</subfield></datafield><datafield ind1=" " ind2=" " tag="260"><subfield code="a">La Grange, Ill. :</subfield><subfield code="b">Life Print. and Pub. Co.,</subfield><subfield code="c">1976-</subfield></datafield><datafield ind1=" " ind2=" " tag="300"><subfield code="a">v.</subfield></datafield><datafield ind1=" " ind2=" " tag="310"><subfield code="a">Semiweekly,</subfield><subfield code="b">July 30, 1980-</subfield></datafield><datafield ind1=" " ind2=" " tag="321"><subfield code="a">Semiweekly,</subfield><subfield code="b">&lt;Sept. 1, 1976&gt;-June 13, 1979</subfield></datafield><datafield ind1=" " ind2=" " tag="321"><subfield code="a">Triweekly,</subfield><subfield code="b">June 15, 1979-July 26, 1980</subfield></datafield><datafield ind1="1" ind2=" " tag="362"><subfield code="a">Began in 1976.</subfield></datafield><datafield ind1=" " ind2=" " tag="588"><subfield code="a">Description based on: 27th year, no. 79 (Sept. 1, 1976).</subfield></datafield><datafield ind1=" " ind2="0" tag="651"><subfield code="a">Broadview (Ill.)</subfield><subfield code="v">Newspapers.</subfield></datafield><datafield ind1=" " ind2="0" tag="651"><subfield code="a">Westchester (Ill.)</subfield><subfield code="v">Newspapers.</subfield></datafield><datafield ind1=" " ind2="0" tag="651"><subfield code="a">Hillside (Ill.)</subfield><subfield code="v">Newspapers.</subfield></datafield><datafield ind1=" " ind2="7" tag="655"><subfield code="a">Newspapers.</subfield><subfield code="2">fast</subfield><subfield code="0">(OCoLC)fst01423814</subfield></datafield><datafield ind1=" " ind2="7" tag="651"><subfield code="a">Illinois</subfield><subfield code="z">Broadview.</subfield><subfield code="2">fast</subfield><subfield code="0">(OCoLC)fst01227025</subfield></datafield><datafield ind1=" " ind2="7" tag="651"><subfield code="a">Illinois</subfield><subfield code="z">Hillside.</subfield><subfield code="2">fast</subfield><subfield code="0">(OCoLC)fst01208358</subfield></datafield><datafield ind1=" " ind2="7" tag="651"><subfield code="a">Illinois</subfield><subfield code="z">Westchester.</subfield><subfield code="2">fast</subfield><subfield code="0">(OCoLC)fst01226869</subfield></datafield><datafield ind1=" " ind2=" " tag="752"><subfield code="a">United States</subfield><subfield code="b">Illinois</subfield><subfield code="c">Cook</subfield><subfield code="d">La Grange.</subfield></datafield><datafield ind1="0" ind2="0" tag="780"><subfield code="t">Suburban life (La Grange, Ill. : Broadview ed.)</subfield><subfield code="w">(DLC)sn 94060697</subfield><subfield code="w">(OCoLC)31298844</subfield></datafield></record>